<record><leader>00000cas a22000007a 4500</leader><controlfield tag="001">15183539</controlfield><controlfield tag="008">870211d18941901wiudn ne      0    0eng d</controlfield><datafield ind1=" " ind2=" " tag="010"><subfield code="a">sn 87082077 </subfield></datafield><datafield ind1=" " ind2=" " tag="040"><subfield code="a">NPV</subfield><subfield code="b">eng</subfield><subfield code="c">NPV</subfield><subfield code="d">OCLCQ</subfield></datafield><datafield ind1=" " ind2=" " tag="042"><subfield code="a">msc</subfield></datafield><datafield ind1="0" ind2=" " tag="130"><subfield code="a">Daily gazette (Janesville, Wis.)</subfield></datafield><datafield ind1="1" ind2="4" tag="245"><subfield code="a">The daily gazette.</subfield></datafield><datafield ind1="1" ind2="3" tag="246"><subfield code="a">Janesville gazette</subfield></datafield><datafield ind1=" " ind2=" " tag="260"><subfield code="a">Janesville, Wis. :</subfield><subfield code="b">[Gazette Print. Co.],</subfield><subfield code="c">1894-1901.</subfield></datafield><datafield ind1=" " ind2=" " tag="300"><subfield code="a">v.</subfield></datafield><datafield ind1=" " ind2=" " tag="310"><subfield code="a">Daily (except Sunday)</subfield></datafield><datafield ind1="0" ind2=" " tag="362"><subfield code="a">Vol. 37, no. [262] (Jan. 6, 1894)-v. 45, no. 69 (May 31, 1901).</subfield></datafield><datafield ind1=" " ind2=" " tag="580"><subfield code="a">Issued also in a weekly edition called: Weekly gazette.</subfield></datafield><datafield ind1=" " ind2=" " tag="752"><subfield code="a">United States</subfield><subfield code="b">Wisconsin</subfield><subfield code="c">Rock</subfield><subfield code="d">Janesville.</subfield></datafield><datafield ind1="1" ind2=" " tag="775"><subfield code="t">Weekly gazette (Janesville, Wis.)</subfield><subfield code="w">(DLC)sn 87082081</subfield></datafield><datafield ind1="0" ind2="0" tag="780"><subfield code="t">Janesville daily gazette (Janesville, Wis. : 1880)</subfield><subfield code="w">(DLC)sn 87082076</subfield></datafield><datafield ind1="0" ind2="0" tag="785"><subfield code="t">Janesville daily gazette (Janesville, Wis. : 1901)</subfield><subfield code="w">(DLC)sn 87082078</subfield></datafield></record>